<?xml version="1.0" encoding="UTF-8"?><collection xmlns="http://www.loc.gov/MARC21/slim"><record><leader>00551nam--2200181-i-4500</leader><controlfield tag="001">000020025</controlfield><controlfield tag="002">20161230</controlfield><controlfield tag="005">20161230201033</controlfield><controlfield tag="008">060222s1000------------r-----000-0-eng-d</controlfield><datafield ind1=" " ind2=" " tag="040"><subfield code="a">IFIN-HH</subfield></datafield><datafield ind1=" " ind2=" " tag="080"><subfield code="a">620.91 313</subfield></datafield><datafield ind1="1" ind2=" " tag="100"><subfield code="a">Wilson, Richard</subfield></datafield><datafield ind1="1" ind2="0" tag="245"><subfield code="a">Energy for the year 2000. ettore majorana international science series. vol. 6</subfield><subfield code="c">Richard wilson (ed.)</subfield></datafield><datafield ind1=" " ind2=" " tag="260"><subfield code="a">New York</subfield><subfield code="b">Plenum Press</subfield><subfield code="c">1980</subfield></datafield><datafield ind1=" " ind2=" " tag="300"><subfield code="a">VIII + 401 P</subfield></datafield><datafield ind1=" " ind2=" " tag="490"><subfield code="a">Ettore Majorana International Science Series, 6</subfield></datafield><datafield ind1=" " ind2=" " tag="852"><subfield code="a">48928</subfield><subfield code="c">53</subfield></datafield><datafield ind1=" " ind2=" " tag="CAT"><subfield code="a">Sys</subfield><subfield code="c">20150330</subfield><subfield code="h">112100</subfield></datafield></record></collection>